@article{schoelkopf1997kpc,
  title={{Kernel Principal Component Analysis}},
  author={Schoelkopf, B. and Smola, A.J. and Mueller, K.R.},
  journal={Lecture notes in Computer Science},
  pages={583--588},
  year={1997},
  publisher={SPRINGER VERLAG KG}
}

@book{Lav06,
  author       = {S. M. LaValle},
  title        = {Planning Algorithms},
  publisher    = {Cambridge University Press},
  address      = {Cambridge, U.K.},
  note         = {Available at http://planning.cs.uiuc.edu/},
  year         = {2006}
}

@techreport{Lav98c,
  author       = {S. M. LaValle},
  title        = {Rapidly-Exploring Random Trees: {A} New Tool for Path
                 Planning},
  number       = {98-11},
  institution  = {Computer Science Dept., Iowa State University},
  month        = oct,
  year         = {1998}
}

@inproceedings{ kuffner00rrtconnect,
  author = "J. Kuffner and S. {LaValle}",
  title = "{RRT}-Connect: An efficient approach to single-query path planning",
  booktitle = "Proc. IEEE Int'l Conf. on Robotics and Automation (ICRA'2000), San Francisco, CA",
  month = apr,
  year = "2000",
  url = "citeseer.ist.psu.edu/article/kuffner00rrtconnect.html" }

@PHDTHESIS{ESTE07A,
AUTHOR = {Esteves Jaramillo, C.},
TITLE = {Motion planning: from digital actors to humanoid robots},
SCHOOL = {Institut National Polytechnique, Toulouse},
YEAR = {2007},
ADDRESS = {100p.},
NOTE = {Doctorat},
RAPPORT-LAAS = {No 07195}
}

@INPROCEEDINGS{CORT07A,
AUTHOR = {Cortes, J. and Simeon, T.},
TITLE = {Disassembly path planning for objects with articulated parts},
BOOKTITLE = {IFAC International Workshop on Intelligent Assembly and Disassembly (IAD'07)},
YEAR = {2007},
PAGES = {34--39},
ADDRESS = {Alicante (Espagne)},
RAPPORT-LAAS = {No 07022}
}

@phdthesis{Hsu00,
    Address = {Stanford, CA},
    Author = {D. Hsu},
    Bib2Html_Dl_Pdf = {http://motion.comp.nus.edu.sg/papers/thesis00.pdf},
    Bib2Html_Pubtype = {Refereed Conference and Workshop},
    Bib2Html_Rescat = {Robotics},
    Month = {May},
    School = {Dept. of Computer Science, Stanford University},
    Title = {Randomized Single-query Motion Planning in Expansive Spaces},
    Year = {2000}
}

@article{HsuLat99c,
    Author = {D. Hsu and J.C. Latombe and R. Motwani},
    Bib2Html_Dl_Pdf = {http://motion.comp.nus.edu.sg/papers/ijcga96.pdf},
    Bib2Html_Pubtype = {Journal},
    Bib2Html_Rescat = {Robotics},
    Journal = "Int. J. Computational Geometry \& Applications",
    Number = {4-5},
    Pages = {495--512},
    Title = {Path planning in expansive configuration spaces},
    Volume = {9},
    Year = {1999}
}


@INPROCEEDINGS{FERR04A,
AUTHOR = {Ferre, E. and Laumond, J.P.},
TITLE = {An iterative diffusion algorithm for part disassembly},
BOOKTITLE = {2004 International Conference on Robotics and Automation (ICRA'2004)},
YEAR = {2004},
PAGES = {3149--3154},
ADDRESS = {New Orleans (USA)},
RAPPORT-LAAS = {No 03563}
}

@book{Jolliffe2002-PCA,
    author = {Jolliffe, I. T. },
    howpublished = {Hardcover},
    isbn = {0387954422},
    publisher = {Springer},
    title = {Principal Component Analysis},
    year = {2002}
}

@inproceedings{565235,
 author = {Miguel L. Teodoro and George N. Phillips, Jr. and Lydia E. Kavraki},
 title = {A dimensionality reduction approach to modeling protein flexibility},
 booktitle = {RECOMB '02: Proceedings of the sixth annual international conference on Computational biology},
 year = {2002},
 isbn = {1-58113-498-3},
 pages = {299--308},
 location = {Washington, DC, USA},
 publisher = {ACM Press},
 address = {New York, NY, USA},
 }

@inproceedings{ZwaldB05,
title = {On the Convergence of Eigenspaces in Kernel Principal Component Analysis.},
author = {Laurent Zwald and Gilles Blanchard},
booktitle = {Neural Information Processing Systems},
url = {http://dblp.uni-trier.de/db/conf/nips/nips2005.html#ZwaldB05},
year = {2005},
description = {dblp},
ee = {http://books.nips.cc/papers/files/nips18/NIPS2005_0468.pdf}, date = {2006-02-15},
keywords = {dblp }
}

@phdthesis{zwald05,
    Author = {L. Zwald},
    School = {Universit√© Paris Sud - Paris XI},
    Title = {Performances statistiques d'algorithmes d'apprentissage : kernel projection
machine et analyse en composantes principales \`a noyau},
    Year = {2005}
}


@article{laumond2001nvr,
  title={{Notes on Visibility Roadmaps and Path Planning}},
  author={Laumond, JP and Simeon, T.},
  journal={Algorithmic and Computational Robotics: New Directions: the Fourth Workshop on the Algorithmic Foundations of Robotics},
  year={2001},
  publisher={AK Peters, Ltd.}
}


@article{ASP20042034,
author = {Erdogmus, Deniz and Rao, Yadunandana N. and Peddaneni, Hemanth and Hegde, Anant and Principe, Jose C.},
title = {Recursive Principal Components Analysis Using Eigenvector Matrix Perturbation},
journal = {EURASIP Journal on Applied Signal Processing},
year = {2004},
volume = {2004},
number = {13},
pages = {2034-2041}
}
@article{ lozanoperez83spatial,
    author = "Tomas Lozano-Perez",
    title = "Spatial Planning: A Configuration Space Approach",
    journal = "IEEE Transactions on Computers",
    volume = "32",
    number = "2",
    pages = "108-120",
    year = "1983",
    url = "citeseer.ist.psu.edu/lozano-perez80spatial.html"
    }
@misc{gsl,
key = "gnu",
title ="Gnu Scientific Library",
note = "http://www.gnu.org/software/gsl/"
}

@article{Tenenbaum12222000,
author = {Tenenbaum, Joshua B. and Silva, Vin de and Langford, John C.},
title = {{A Global Geometric Framework for Nonlinear Dimensionality Reduction}},
journal = {Science},
volume = {290},
number = {5500},
pages = {2319-2323},
doi = {10.1126/science.290.5500.2319},
year = {2000},
URL = {http://www.sciencemag.org/cgi/content/abstract/290/5500/2319},
eprint = {http://www.sciencemag.org/cgi/reprint/290/5500/2319.pdf}
}
@article{Roweis12222000,
author = {Roweis, Sam T. and Saul, Lawrence K.},
title = {{Nonlinear Dimensionality Reduction by Locally Linear Embedding}},
journal = {Science},
volume = {290},
number = {5500},
pages = {2323-2326},
doi = {10.1126/science.290.5500.2323},
year = {2000},
URL = {http://www.sciencemag.org/cgi/content/abstract/290/5500/2323},
eprint = {http://www.sciencemag.org/cgi/reprint/290/5500/2323.pdf}
}


@book{choset2005prm,
  title={{Principles of Robot Motion: theory, algorithms, and implementation}},
  author={Choset, H. and Lynch, K.M. and Hutchinson, S. and Kantor, G.A. and Burgard, W. and Kavraki, L.E. and Thrun, S.},
  year={2005},
  publisher={MIT Press}
}

@book{latombe1991rmp,
  title={{Robot Motion Planning}},
  author={Latombe, J.C.},
  year={1991},
  publisher={Kluwer Academic Publishers}
}

@article{kavraki1996prp,
  title={{Probabilistic roadmaps for path planning in high-dimensional configuration spaces}},
  author={Kavraki, LE and Svestka, P. and Latombe, J.C. and Overmars, MH},
  journal={Robotics and Automation, IEEE Transactions on},
  volume={12},
  number={4},
  pages={566--580},
  year={1996}
}

@ARTICLE{509170,
title={On the expected complexity of random path planning},
author={Lamiraux, F. and Laumond, J.P.},
journal={Robotics and Automation, 1996. Proceedings., 1996 IEEE International Conference on},
year={22-28 Apr 1996},
volume={4},
number={},
pages={3014-3019 vol.4},
keywords={Brownian motion, Markov processes, computational complexity, convergence of numerical methods, matrix algebra, path planning, probabilityBrownian motion, Markov chains, convergence time, diffusion processes, local minima, potential field, probabilistic convergence, random path planning, transition matrix},
doi={10.1109/ROBOT.1996.509170},
ISSN={}, 
}

@article{cortes2002rlg,
  title={{A random loop generator for planning the motions of closed kinematic chains using PRM methods}},
  author={Cortes, J. and Simeon, T. and Laumond, JP},
  journal={Robotics and Automation, 2002. Proceedings. ICRA'02. IEEE International Conference on},
  volume={2},
  year={2002}
}

@article{sanchez2001sqb,
  title={{A single-query bi-directional probabilistic roadmap planner with lazy collision checking}},
  author={Sanchez, G. and Latombe, J.C.},
  journal={Int. Symp. Robotics Research},
  year={2001},
  publisher={Springer}
}

@article{nissoux1999vbp,
  title={{Visibility based probabilistic roadmaps}},
  author={Nissoux, C. and Simeon, T. and Laumond, J.P.},
  journal={Intelligent Robots and Systems, 1999. IROS'99. Proceedings. 1999 IEEE/RSJ International Conference on},
  volume={3},
  year={1999}
}

@article{kavraki1998apr,
  title={{Analysis of probabilistic roadmaps for path planning}},
  author={Kavraki, LE and Kolountzakis, MN and Latombe, J.C.},
  journal={Robotics and Automation, IEEE Transactions on},
  volume={14},
  number={1},
  pages={166--171},
  year={1998}
}

@article{pearson1901lap,
  title={{On lines and planes of closest fit to systems of points in space}},
  author={Pearson, K.},
  journal={Philosophical Magazine},
  volume={2},
  number={6},
  pages={559--572},
  year={1901}
}

@article{hotelling1933acs,
  title={{Analysis of a Complex of Statistical Variables into principal components, J. Ed}},
  author={Hotelling, H.},
  journal={Psychology},
  volume={24},
  pages={417--441},
  year={1933}
}

@article{simeon2000vbp,
  title={{Visibility-based probabilistic roadmaps for motion planning}},
  author={Sim{\'e}on, T. and Laumond, J.P. and Nissoux, C.},
  journal={Advanced Robotics},
  volume={14},
  number={6},
  pages={477--493},
  year={2000},
  publisher={Springer}
}

@article{rodriguez2006obr,
  title={{An obstacle-based rapidly-exploring random tree}},
  author={Rodriguez, S. and Tang, X. and Lien, J.M. and Amato, NM},
  journal={Robotics and Automation, 2006. ICRA 2006. Proceedings 2006 IEEE International Conference on},
  pages={895--900},
  year={2006}
}

@article{yershova2005ddr,
  title={{Dynamic-Domain RRTs: Efficient Exploration by Controlling the Sampling Domain}},
  author={Yershova, A. and Jaillet, L. and Simeon, T. and LaValle, SM},
  journal={Robotics and Automation, 2005. Proceedings of the 2005 IEEE International Conference on},
  pages={3856--3861},
  year={2005}
}


@conference{han2000kbp,
  title={{A kinematics-based probabilistic roadmap method for closed chain systems}},
  author={Han, L. and Amato, N.M.},
  booktitle={Algorithmic and Computational Robotics: New Directions. The Fourth Workshop on the Algorithmic Foundations of Robotics},
  pages={233--245},
  year={2000}
}

@article{laumond2006kcs,
  title={{Kineo CAM: a success story of motion planning algorithms}},
  author={Laumond, J.P.},
  journal={Robotics \& Automation Magazine, IEEE},
  volume={13},
  number={2},
  pages={90--93},
  year={2006}
}


@article{reeds1990opc,
  title={{Optimal pathsfor a car that goesboth forwards and backwards}},
  author={Reeds, JA and Shepp, LA},
  journal={Pacific Journal of Mathematics},
  volume={145},
  number={2},
  year={1990}
}


@article{nakamura1986iks,
  title={{Inverse kinematic solutions with singularity robustness for robot manipulator control}},
  author={Nakamura, Y. and Hanafusa, H.},
  journal={ASME, Transactions, Journal of Dynamic Systems, Measurement, and Control},
  volume={108},
  pages={163--171},
  year={1986}
}

@conference{siciliano1991gfm,
  title={{A general framework for managing multiple tasks in highly redundant robotic systems}},
  author={Siciliano, B. and Slotine, J.J.E.},
  booktitle={Advanced Robotics, 1991.'Robots in Unstructured Environments', 91 ICAR., Fifth International Conference on},
  pages={1211--1216},
  year={1991}
}
@conference{baerlocher1998tpf,
  title={{Task-priority formulations for the kinematic control of highly redundant articulated structures}},
  author={Baerlocher, P. and Boulic, R.},
  booktitle={1998 IEEE/RSJ International Conference on Intelligent Robots and Systems, 1998. Proceedings.},
  volume={1},
  year={1998}
}
@article{khatib2004wbd,
  title={{Whole body dynamic behavior and control of human-like robots}},
  author={Khatib, O. and Sentis, L. and Park, J. and Warren, J.},
  journal={International Journal of Humanoid Robotics},
  volume={1},
  number={1},
  pages={29--43},
  year={2004}
}

@conference{kanehiro2008lca,
  title={{A Local Collision Avoidance Method for Non-strictly Convex Polyhedra}},
  author={Kanehiro, F. and Lamiraux, F. and Kanoun, O. and Yoshida, E. and Laumond, JP},
  booktitle={2008 Robotics: Science and Systems Conference},
  year={2008}
}

@article{kuffner2002dsm,
  title={{Dynamically-stable motion planning for humanoid robots}},
  author={Kuffner, J.J. and Kagami, S. and Nishiwaki, K. and Inaba, M. and Inoue, H.},
  journal={Autonomous Robots},
  volume={12},
  number={1},
  pages={105--118},
  year={2002},
  publisher={Springer}
}

@conference{stilman2007tcm,
  title={{Task constrained motion planning in robot joint space}},
  author={Stilman, M.},
  booktitle={Proc. of the IEEE/RSJ Intl. Conf. on Intelligent Robots and Systems},
  pages={3074--3081},
  year={2007},
  organization={Citeseer}
}

@conference{lavalle1999pra,
  title={{A probabilistic roadmap approach for systems with closed kinematicchains}},
  author={LaValle, SM and Yakey, JH and Kavraki, LE},
  booktitle={1999 IEEE International Conference on Robotics and Automation, 1999. Proceedings},
  volume={3},
  year={1999}
}

@conference{kanehiro2008idi,
  title={{Integrating Dynamics into Motion Planning for Humanoid Robots}},
  author={Kanehiro, F. and Suleiman, W. and Lamiraux, F. and Yoshida, E. and Laumond, J.P.},
  booktitle={IEEE/RSJ International Conference on Intelligent Robots and Systems, 2008. IROS 2008},
  pages={660--667},
  year={2008}
}


@INPROCEEDINGS{KANO09A,
	AUTHOR = {Kanoun, O. and Lamiraux, F. and Wieber, P.B.},
	TITLE = {Prioritizing linear equality and inequality systems: application to local motion planning for redundant robots},
	BOOKTITLE = {IEEE International Conference on Robotics and Automation (ICRA 2009)},
	YEAR = {2009},
	ADDRESS = {Kobe (Japon)},
	NOTE = {6 pages.},
	RAPPORT-LAAS = {No 09178}
	}

@conference{yoshida2006tds,
  title={{Task-driven support polygon reshaping for humanoids}},
  author={Yoshida, E. and Kanoun, O. and Esteves, C. and Laumond, J.P.},
  booktitle={Humanoid Robots, 2006 6th IEEE-RAS International Conference on},
  pages={208--213},
  year={2006}
}


@article{diankov2008bpc,
  title={{Bispace planning: Concurrent multi-space exploration}},
  author={Diankov, R. and Ratliff, N. and Ferguson, D. and Srinivasa, S. and Kuffner, J.},
  journal={Proceedings of Robotics: Science and Systems IV},
  year={2008}
}

@INPROCEEDINGS{gienger08,
title={Task maps in humanoid robot manipulation},
author={Gienger, M. and Toussaint, M. and Goerick, C.},
booktitle={Intelligent Robots and Systems, 2008. IROS 2008. IEEE/RSJ International Conference on},
year={2008},
month={Sept.},
volume={},
number={},
pages={2758-2764},
keywords={collision avoidance, end effectors, humanoid robots, random processes, trees (mathematics)ASIMO, end-effector goal position, humanoid robot manipulation, motion optimisation scheme, obstacle avoidance, pregrasp pose, rapidly exploring random tree algorithm, redundant whole body controller, sequential attractor representation, task maps},
doi={10.1109/IROS.2008.4651027},
ISSN={}, }


@INPROCEEDINGS{berenson09,
title={Manipulation planning on constraint manifolds},
author={Berenson, Dmitry and Srinivasa, Siddhartha S. and Ferguson, Dave and Kuffner, James J.},
booktitle={Robotics and Automation, 2009. ICRA '09. IEEE International Conference on},
year={2009},
month={May},
volume={},
number={},
pages={625-632},
doi={10.1109/ROBOT.2009.5152399},
ISSN={1050-4729}, }

@INPROCEEDINGS{berenson-humanoids09,
author={Berenson, D. and Chestnutt, J. and Srinivasa, S.S. and Kuffner, J.J. and Kagami, S.},
booktitle={Humanoid Robots, 2009. Humanoids 2009. 9th IEEE-RAS International Conference on}, title={Pose-constrained whole-body planning using Task Space Region Chains},
year={2009},
month={7-10},
volume={},
number={},
pages={181 -187},
keywords={TSR Chains;constrained bidirectional RRT planner;end-effector;pose-constrained whole-body planning;sampling-based motion planning;task space region chains;end effectors;humanoid robots;path planning;},
doi={10.1109/ICHR.2009.5379604},
ISSN={},}

@INPROCEEDINGS{dalibard09,
author={Dalibard, S. and Nakhaei, A. and Lamiraux, F. and Laumond, J.-P.},
booktitle={Humanoid Robots, 2009. Humanoids 2009. 9th IEEE-RAS International Conference on}, title={Whole-body task planning for a humanoid robot: a way to integrate collision avoidance},
year={2009},
month={7-10},
volume={},
number={},
pages={355 -360},
keywords={RRT-connect algorithm;humanoid robot;local collision avoidance method;local task solver;motion planning;statically stable collision-free configurations;whole-body task planning;collision avoidance;humanoid robots;},
doi={10.1109/ICHR.2009.5379547},
ISSN={},}

@INPROCEEDINGS{jain10,
author={Jain, A. and Kemp, C.C.},
booktitle={Humanoid Robots, 2009. Humanoids 2009. 9th IEEE-RAS International Conference on}, title={Pulling open novel doors and drawers with equilibrium point control},
year={2009},
month={7-10},
volume={},
number={},
pages={498 -505},
keywords={Cartesian space equilibrium point;anthropomorphic arm;end effector;gravity compensating torque;humanoid robot;joint space equilibrium point;linear CEP trajectory;mechanical impedance;series elastic actuators;variable equilibrium angle;virtual spring;end effectors;humanoid robots;position control;torque control;},
doi={10.1109/ICHR.2009.5379532},
ISSN={},}


@article{OussamaKanoun06102010,
author = {Kanoun, Oussama and Laumond, Jean-Paul and Yoshida, Eiichi},
title = {{Planning Foot Placements for a Humanoid Robot: A Problem of Inverse Kinematics}},
journal = {The International Journal of Robotics Research},
year = {2010},
}

@conference{pettre20032,
  title={{A 2-stages locomotion planner for digital actors}},
  author={Pettr{\'e}, J. and Laumond, J.P. and Sim{\'e}on, T.},
  booktitle={Proceedings of the 2003 ACM SIGGRAPH/Eurographics symposium on Computer animation},
  pages={264},
  year={2003},
  organization={Eurographics Association}
}

@INPROCEEDINGS{yoshida-humanoids05,
author={Yoshida, E. and Belousov, I. and Esteves, C. and Laumond, J.-P.},
booktitle={Humanoid Robots, 2005 5th IEEE-RAS International Conference on}, title={Humanoid motion planning for dynamic tasks},
year={2005},
month={5-5},
volume={},
number={},
pages={1 -6},
keywords={dynamic pattern generator;dynamic tasks;geometric motion;humanoid motion planning;kinematic motion planner;locomotion execution;path reshaping;task execution;humanoid robots;legged locomotion;path planning;robot dynamics;robot kinematics;},
doi={10.1109/ICHR.2005.1573536},
ISSN={},}

@conference{amato1996randomized,
  title={{A randomized roadmap method for path and manipulation planning}},
  author={Amato, NM and Wu, Y.},
  booktitle={1996 IEEE International Conference on Robotics and Automation, 1996. Proceedings.},
  volume={1},
  year={1996}
}


@article{simeon2004manipulation,
  title={{Manipulation planning with probabilistic roadmaps}},
  author={Simeon, T. and Laumond, J.P. and Cortes, J. and Sahbani, A.},
  journal={The International Journal of Robotics Research},
  volume={23},
  number={7-8},
  pages={729},
  year={2004}
}

@article{yang2006elastic,
  title={{Elastic roadmaps: Globally task-consistent motion for autonomous mobile manipulation in dynamic environments}},
  author={Yang, Y. and Brock, O.},
  journal={Proceedings of Robotics: Science and Systems II},
  year={2006},
  publisher={Citeseer}
}
@conference{kajita2003biped,
  title={{Biped walking pattern generation by using preview control of zero-moment point}},
  author={Kajita, S. and Kanehiro, F. and Kaneko, K. and Fujiwara, K. and Harada, K. and Yokoi, K. and Hirukawa, H.},
  booktitle={IEEE International Conference on Robotics and Automation},
  volume={2},
  pages={1620--1626},
  year={2003},
  organization={Citeseer}
}

@PHDTHESIS{kanoun-phd,
AUTHOR = {Kanoun, O.},
TITLE = {Contribution {\`a} la planification de mouvement pour robots humano{\"i}des},
SCHOOL = {Institut National des Sciences Appliqu{\'e}es, Toulouse},
YEAR = {2009}
}

@book{vukobratovic1990biped,
  title={{Biped Locomotion: dynamics, stability, control, and application}},
  author={Vukobratovi{\'c}, M. and Borovac, B. and Surla, D. and Stoki{\'c}, D.},
  year={1990},
  publisher={Springer-Verlag}
}

@article{yoshida2010pivoting,
  title={{Pivoting based manipulation by a humanoid robot}},
  author={Yoshida, E. and Poirier, M. and Laumond, J.P. and Kanoun, O. and Lamiraux, F. and Alami, R. and Yokoi, K.},
  journal={Autonomous Robots},
  volume={28},
  number={1},
  pages={77--88},
  year={2010},
  publisher={Springer}
}

@INPROCEEDINGS{GHAR09A,
	AUTHOR = {GHARBI, M. and CORTES, J. and SIMEON, T.},
	TITLE = {Roadmap Composition for Multi-Arm Systems path Planning},
	BOOKTITLE = {International Conference on Intelligent Robot and Systems (IROS 2009)},
	YEAR = {2009},
	PAGES = {2471--2476},
	ADDRESS = {Saint Louis (Etats-Unis)}
}

@book{schwartz1987planning,
  title={{Planning, geometry, and complexity of robot motion}},
  author={Schwartz, J.T. and Sharir, M. and Hopcroft, J.E.},
  isbn={0893913618},
  year={1987},
  publisher={Ablex Publishing Corporation}
}

@book{goodman2004handbook,
  title={{Handbook of discrete and computational geometry}},
  author={Goodman, J.E. and O'Rourke, J.},
  isbn={1584883014},
  year={2004},
  publisher={CRC press}
}

@book{canny1988complexity,
  title={{The complexity of robot motion planning}},
  author={Canny, J.},
  isbn={0262031361},
  year={1988},
  publisher={The MIT Press}
}

@conference{ratliff2009chomp,
  title={{Chomp: Gradient optimization techniques for efficient motion planning}},
  author={Ratliff, N. and Zucker, M. and Bagnell, J.A. and Srinivasa, S.},
  booktitle={Robotics and Automation, 2009. ICRA'09. IEEE International Conference on},
  pages={489--494},
  issn={1050-4729},
  year={2009},
  organization={IEEE}
}

@inproceedings{wieber2002, 
AUTHOR = {Wieber, Pierre-Brice}, 
TITLE = {{On the stability of walking systems}}, 
BOOKTITLE = {Proceedings of the International Workshop on Humanoid and Human Friendly Robotics}, 
YEAR = {2002}, 
ADDRESS = {Tsukuba, Japan}, 
URL = {http://hal.inria.fr/inria-00390866/en} }

@conference{yoshida2007give,
  title={{‚ÄúGive me the purple ball‚Äù-he said to HRP-2 N. 14}},
  author={Yoshida, E. and Mallet, A. and Lamiraux, F. and Kanoun, O. and Stasse, O. and Poirier, M. and Dominey, P.F. and Laumond, J.P. and Yokoi, K.},
  booktitle={Humanoid Robots, 2007 7th IEEE-RAS International Conference on},
  pages={89--95},
  year={2007},
  organization={IEEE}
}

@conference{kanehiro2004locomotion,
  title={{Locomotion planning of humanoid robots to pass through narrow spaces}},
  author={Kanehiro, F. and Hirukawa, H. and Kaneko, K. and Kajita, S. and Fujiwara, K. and Harada, K. and Yokoi, K.},
  booktitle={Robotics and Automation, 2004. Proceedings. ICRA'04. 2004 IEEE International Conference on},
  volume={1},
  pages={604--609},
  isbn={0780382323},
  issn={1050-4729},
  year={2004},
  organization={IEEE}
}


@conference{chestnutt2005footstep,
  title={{Footstep planning for the Honda ASIMO humanoid}},
  author={Chestnutt, J. and Lau, M. and Cheung, G. and Kuffner, J. and Hodgins, J. and Kanade, T.},
  booktitle={Robotics and Automation, 2005. ICRA 2005. Proceedings of the 2005 IEEE International Conference on},
  pages={629--634},
  isbn={078038914X},
  year={2005},
  organization={IEEE}
}

@article{berenson2011task,
  title={{Task Space Regions: A framework for pose-constrained manipulation planning}},
  author={Berenson, D. and Srinivasa, S.S. and Kuffner, J.},
  journal={The International Journal of Robotics Research},
  issn={0278-3649},
  year={2011},
  publisher={SAGE Publications}
}

@article{hsu2006probabilistic,
  title={{On the Probabilistic Foundations of Probabilistic Roadmap Planning}},
  author={Hsu, D. and Latombe, J.C. and Kurniawati, H.},
  journal={The International Journal of Robotics Research},
  volume={25},
  number={7},
  pages={627},
  year={2006},
  publisher={Multimedia Archives}
}

@ARTICLE{taix-94, 
author={Laumond, J.-P. and Jacobs, P.E. and Taix, M. and Murray, R.M.}, 
journal={Robotics and Automation, IEEE Transactions on}, 
title={A motion planner for nonholonomic mobile robots}, 
year={1994}, 
month={oct}, 
volume={10}, 
number={5}, 
pages={577 -593}, 
keywords={collision-free path;completeness;computational complexity;configuration space;geometric planner;induced topology;metric;motion planning;nonholonomic mobile robots;optimisation;polygonal obstacles;computational complexity;computational geometry;mobile robots;optimisation;path planning;topology;}, 
doi={10.1109/70.326564}, 
ISSN={1042-296X},}

@book{chapuis,
author={Chapuis, A. and Droz, E.},
title={Les automates~: figures artificielles d'hommes et d'animaux. Histoire et technique},
year={1949},
publisher={Neuch√¢tel, Griffon editions},
}

@book{siciliano2008springer,
  title={Springer handbook of robotics},
  author={Siciliano, B. and Khatib, O.},
  year={2008},
  publisher={Springer-Verlag New York Inc}
}

@inproceedings{kaneko2004humanoid,
  title={Humanoid robot HRP-2},
  author={Kaneko, K. and Kanehiro, F. and Kajita, S. and Hirukawa, H. and Kawasaki, T. and Hirata, M. and Akachi, K. and Isozumi, T.},
  booktitle={Robotics and Automation, 2004. Proceedings. ICRA'04. 2004 IEEE International Conference on},
  volume={2},
  pages={1083--1090},
  year={2004},
  organization={IEEE}
}

@inproceedings{sakagami2002intelligent,
  title={The intelligent ASIMO: System overview and integration},
  author={Sakagami, Y. and Watanabe, R. and Aoyama, C. and Matsunaga, S. and Higaki, N. and Fujimura, K.},
  booktitle={Intelligent Robots and Systems, 2002. IEEE/RSJ International Conference on},
  volume={3},
  pages={2478--2483},
  year={2002},
  organization={Ieee}
}

@article{takagi2006toyota,
  title={Toyota partner robots},
  author={Takagi, S.},
  journal={Journal-Robotics Society of Japan},
  volume={24},
  number={2},
  pages={62},
  year={2006},
  publisher={Robotics Society of Japan}
}

@ARTICLE{vendittelli04, 
author={Vendittelli, M. and Oriolo, G. and Jean, F. and Laumond, J.-P.}, 
journal={Automatic Control, IEEE Transactions on}, title={Nonhomogeneous nilpotent approximations for nonholonomic systems with singularities}, 
year={2004}, 
month={feb.}, 
volume={49}, 
number={2}, 
pages={ 261 - 266}, 
keywords={ controllability; driftless systems; nonholonomic systems; nonhomogenous nilpotent approximations; nonlinear systems; privileged coordinates; singularities; subReimannian distance estimate; vector fields; approximation theory; controllability; nonlinear control systems; vectors;}, 
doi={10.1109/TAC.2003.822872}, 
ISSN={0018-9286},}

@ARTICLE{sekhavat98, 
author={Sekhavat, S. and Laumond, J.-P.}, 
journal={Robotics and Automation, IEEE Transactions on}, title={Topological property for collision-free nonholonomic motion planning: the case of sinusoidal inputs for chained form systems}, 
year={1998}, 
month={oct}, 
volume={14}, 
number={5}, 
pages={671 -680}, 
keywords={chained form systems;collision-free nonholonomic motion planning;collision-free path planners;obstacle avoidance;sinusoidal inputs;steering methods;topological property;tractor-trailers system;mobile robots;path planning;topology;}, 
doi={10.1109/70.720344}, 
ISSN={1042-296X},}

@article{Berenson15032011,
author = {Berenson, D. and Srinivasa, S. S.  and Kuffner, J.}, 
title = {Task Space Regions: A framework for pose-constrained manipulation planning}, 
year = {2011}, 
journal = {The International Journal of Robotics Research} 
}

@article{kuffner2005motion,
  title={Motion planning for humanoid robots},
  author={Kuffner, J. and Nishiwaki, K. and Kagami, S. and Inaba, M. and Inoue, H.},
  journal={Robotics Research},
  pages={365--374},
  year={2005},
  publisher={Springer}
}

@article{perrinbiped,
  title={A Biped Walking Pattern Generator based on ‚ÄúHalf-Steps‚Äù for Dimensionality Reduction},
  author={Perrin, N. and Stasse, O. and Lamiraux, F. and Yoshida, E.},
  journal={Robotics and Automation, 2011. Proceedings. ICRA'11. IEEE International Conference on},
  year={2011},
}

@book{laumond1998robot,
  title={Robot motion planning and control},
  author={Laumond, J.P.},
  year={1998},
  publisher={Springer}
}

@article{el2011path,
  title={Path Optimization for Humanoid Walk Planning: an Efficient Approach},
  author={El Khoury, A. and Taix, M. and Lamiraux, F.},
  journal={Int. Conf. Informatics in Control, Automation and Robotics (ICINCO) 2011},
  year={2011}
}

@article{vukobratovic1969contribution,
  title={Contribution to the synthesis of biped gait},
  author={Vukobratovic, M. and Juricic, D.},
  journal={Biomedical Engineering, IEEE Transactions on},
  number={1},
  pages={1--6},
  year={1969},
  publisher={IEEE}
}

@article{shkolnik2011bounding,
  title={Bounding on rough terrain with the LittleDog robot},
  author={Shkolnik, A. and Levashov, M. and Manchester, I.R. and Tedrake, R.},
  journal={The International Journal of Robotics Research},
  volume={30},
  number={2},
  pages={192},
  year={2011},
  publisher={SAGE Publications}
}

@article{bretl2006motion,
  title={Motion planning of multi-limbed robots subject to equilibrium constraints: The free-climbing robot problem},
  author={Bretl, T.},
  journal={The International Journal of Robotics Research},
  volume={25},
  number={4},
  pages={317--342},
  year={2006},
  publisher={SAGE Publications}
}